@MISC{test01,
  author = {Test Testerson},
  title = {If you see this, something is wrong.},
  year = {-1}
}

@MISC{intro_to_gpu_arch,
	author 			= {Ofer Rosenberg},
	title 			= {Introduction to GPU Architecture},
	year 			= {14/11/2011},
	lastAccessed 	= {12/10/2017},
	URL				= {http://haifux.org/lectures/267/Introduction-to-GPUs.pdf}
}

@MISC{nvidia_gtx_1060,
	author 			= {NVIDIA Corporation},
	title			= {GeForce GTX 1060 Graphics Cards | NVIDIA GeForce},
	year			= {2017},
	lastAccessed 	= {17/10/2017},
	URL				= {https://www.nvidia.com/en-us/geforce/products/10series/geforce-gtx-1060/}
}

@MISC{nvidia_tesla_p100,
  AUTHOR =        {NVIDIA Corporation},
  TITLE =         {Whitepaper: NVIDIA Tesla P100 - 
					The Most Advanced Datacenter Accelerator Ever Built Featuring 
					Pascal GP100, the World's Fastest GPU},
  NUMBER =        {WP-08019-001\_v01.1},
  YEAR  =         {2016},
  PAGES =         {45},
  URL   =         {https://images.nvidia.com/content/pdf/tesla/whitepaper/pascal-architecture-whitepaper.pdf}
}

@inproceedings{worister2013lazy,
  title={Lazy incremental computation for efficient scene graph rendering},
  author={W{\"o}rister, Michael and Steinlechner, Harald and Maierhofer, Stefan and Tobler, Robert F},
  booktitle={Proceedings of the 5th high-performance graphics conference},
  pages={53--62},
  year={2013},
  organization={ACM}
}

@misc{steamsurvey,
  author = {Valve Corporation},
  title = {{Steam Hardware and Software Survey 2017}},
  howpublished = "http://store.steampowered.com/hwsurvey}",
  year = {2017}, 
  note = "[Online; accessed 11-October-2017]"
}